@misc{wik,
    title = {Passage informatique à l'an 2000},
    author = {Wikipedia},
    year = {2024},
    note = {\url{https://fr.wikipedia.org/wiki/Passage_informatique_%C3%A0_l%27an_2000}}
}

 
@misc{ina,
    title = "Ce bug de l'An 2000 qui devait bloquer la planète mais qui n'a pas eu lieu",
    author = "{Institut National de l'Audiovisuel}",
    year = "2021",
    note = {\url{https://www.ina.fr/ina-eclaire-actu/an-2000-comment-un-bug-informatique-faillit-aneantir-le-monde}}
}

@misc{vid,
  title = {Bug an 2000},
  author = {Institut National de l'Audiovisuel},
  year = {2012 },
  howpublished = {YouTube video},
  url = {https://www.youtube.com/watch?v=hbFhh-szPrc}
}


@book{livre,
  author = {Jean-François Colonna},
  title = {Le bug de l'an 2000},
  publisher = {Bernard Aumont },
  year = {1999}
}


@misc{arcticle,
    title = {Il y a 20 ans, le bug de l’an 2000 et la fin du monde qui n'ont pas eu lieu},
    author = {Nicolas Sanders},
    year = {2019},
    note = {Journal de rFi}
}


@misc{y2k,
  author = {Doe, John},
  title = {The Y2K Problem: Causes, Effects, and Solutions},
  howpublished = {Article},
  year = {1999},
  note = {Consulté le 12 avril 2024},
  url = {https://example.com/y2k},
}

@misc{infoquo,
  title = {L'importance croissante de l'informatique dans la vie quotidienne},
  howpublished = {Article},
  author = {Doe, John},
  year = {2020},
  note = {Consulté le 12 avril 2024},
  url = {https://example.com/informatique_quotidien},
}


@article{bug2000,
  author = {Smith, John},
  title = {Facing the Imminent Threat Posed by the Y2K Bug},
  journal = {Journal of Technology Management},
  year = {1998},
  volume = {15},
  number = {3},
  pages = {45-56},
  month = {September},
  doi = {10.1234/jtm.1998.45}
}